@incollection{Mora2003,
author = {Mora, {\'{A}}ngel and Enciso, Manuel and Cordero, Pablo and de Guzm{\'{a}}n, Inmaculada Perez P{\'{e}}rez},
pages = {136--146},
series = {Lecture Notes in Computer Science},
title = {{An Efficient Preprocessing Transformation for Functional Dependencies Sets Based on the Substitution Paradigm}},
volume = {3040},
year = {2003}
}


@article{Mora2012a,
author = {Mora, A. and Cordero, P. and Enciso, M. and Fortes, I. and Aguilera, G.},
journal = {International Journal of Computer Mathematics},
number = {4},
pages = {510--526},
publisher = {Taylor {\&} Francis},
title = {{Closure via functional dependence simplification}},
volume = {89},
year = {2012}
}

@article{Cordero2002,
author = {Cordero, Pablo and Enciso, Manuel Manolo and Mora, Angel and de Guzm{\'{a}}n, Inman P{\'{e}}rez InmaculadaP. and Mora, {\'{A}}ngel and {P{\'{e}}rez de Guzman}, I},
pages = {141--150},
series = {Lecture Notes in Computer Science},
title = {{SLFD Logic: Elimination of Data Redundancy in Knowledge Representation}},
volume = {2527},
year = {2002}
}

@conference{DBasis,
author = {Rodr\'iguez-Lorenzo, Estrella and  Adaricheva, Kira and Cordero, Pablo and Enciso, Manuel and Mora, Angel},
series = {CLA 2015: 217--228},
title = {{D-basis algorithm: From an implicational system to its corresponding D-basis}},
year = {2015}
}