@article{cla2012,
author = {Cordero, Pablo and Enciso, Manuel and Mora-Bonilla, Angel and Ojeda-Aciego, Manuel},
year = {2012},
month = {10},
pages = {187--198},
title = {Computing minimal generators from implications: A logic-guided approach},
volume = {972},
booktitle = {CEUR Workshop Proceedings}
}